% LINKS
@misc{presents_2017,
	title={Mini Pinball 01: Project Mockup}, howpublished={\url{https://youtu.be/CD_DIaPgkDQ}},
	journal={YouTube}, publisher={YouTube}, author={element14 presents}, year={2017}, month={Mar}}

@misc{fluxwood_2018,
	title="{Arduino Pinball Machine \- 3d Printing \& Lasercutting}", 
	howpublished={\url{https://www.youtube.com/watch?v=xlxsT34q97c&t=50s}},
	journal={YouTube},
	publisher={YouTube},
	author={fluxwood},
	year={2018},
	month={Apr}}

@misc{engineer_2018,
	title={DIY Tabletop Pinball Machine \- Making the cabinet \& decals}, howpublished={\url{https://www.youtube.com/watch?v=YRN1f1RuECI&list=PLbqgBMIUPaMLz0GH7XL8WDLGcehS9bLp_}},
	journal={YouTube},
	publisher={YouTube},
	author={The Practical Engineer}, year={2018},
	month={Sep}}

@misc{asker_2017,
	title={Pinball Pop Bumper Mechanism}, howpublished={\url{https://www.youtube.com/watch?v=08TMJ_lJdZU}},
	journal={YouTube},
	publisher={YouTube},
	author={Asker, Graham},
	year={2017},
	month={Oct}}

@misc{functionaldesign_2017,
	title={Arduino Pinball - Targets}, howpublished={ \url{https://youtu.be/uq6A2M_wDnA}}, journal={YouTube}, publisher={YouTube},
	author={FunctionalDesign},
	year={2017},
	month={Apr}}
	
@misc{multitasking_arduino,
	title={Multi-tasking the Arduino - Part 1},
	 howpublished={\url{https://learn.adafruit.com/multi-tasking-the-arduino-part-1/a-classy-solution}},
	journal={A classy solution | Multi-tasking the Arduino - Part 1 | Adafruit Learning System}}

@misc{reference_picture,
	title ={Reference image of full sized pinball machine},
	howpublised={\url{https://d4o467mn6x2sg.cloudfront.net/media/catalog/product/cache/1/thumbnail/700x700/040ec09b1e35df139433887a97daa66f/a/d/addams_family_gold_playfield.jpg}}
	}
